<?xml version="1.0" encoding="UTF-8"?><collection xmlns="http://www.loc.gov/MARC21/slim"><record><leader>00477nam--2200181-i-4500</leader><controlfield tag="001">000024231</controlfield><controlfield tag="002">20161230</controlfield><controlfield tag="005">20161230201035</controlfield><controlfield tag="008">060222s1000------------r-----000-0-rus-d</controlfield><datafield ind1=" " ind2=" " tag="040"><subfield code="a">IFIN-HH</subfield></datafield><datafield ind1=" " ind2=" " tag="041"><subfield code="a">rus</subfield></datafield><datafield ind1=" " ind2=" " tag="080"><subfield code="a">537.528</subfield></datafield><datafield ind1="1" ind2=" " tag="100"><subfield code="a">Naugolnih, K.A</subfield></datafield><datafield ind1="1" ind2="0" tag="245"><subfield code="a">Elektriceskie razriadi v vode</subfield><subfield code="b">Gidrodinamiceskoe opisanie</subfield><subfield code="c">K.a. naugolnih, n.a. poi</subfield></datafield><datafield ind1=" " ind2=" " tag="260"><subfield code="a">Moskva</subfield><subfield code="b">Nauka</subfield><subfield code="c">1971</subfield></datafield><datafield ind1=" " ind2=" " tag="700"><subfield code="a">Poi, N.A</subfield></datafield><datafield ind1=" " ind2=" " tag="852"><subfield code="a">77197</subfield><subfield code="c">537.52</subfield></datafield><datafield ind1=" " ind2=" " tag="CAT"><subfield code="a">Sys</subfield><subfield code="c">20110805</subfield><subfield code="h">090108</subfield></datafield></record></collection>